@article{Early2001,
  doi = {10.1109/16.960369},
  url = {https://doi.org/10.1109/16.960369},
  year = {2001},
  publisher = {Institute of Electrical and Electronics Engineers ({IEEE})},
  volume = {48},
  number = {11},
  pages = {2468--2472},
  author = {J.M. Early},
  title = {Out to Murray Hill to play: an early history of transistors},
  journal = {{IEEE} Transactions on Electron Devices}
}

@article{Jenkins2005,
  doi = {10.1088/0031-9120/40/5/002},
  url = {https://doi.org/10.1088/0031-9120/40/5/002},
  year = {2005},
  month = sep,
  publisher = {{IOP} Publishing},
  volume = {40},
  number = {5},
  pages = {430--439},
  author = {Tudor Jenkins},
  title = {A brief history of ... semiconductors},
  journal = {Physics Education}
}

@article{Schwierz2007,
  doi = {10.1016/j.sse.2007.05.020},
  url = {https://doi.org/10.1016/j.sse.2007.05.020},
  year = {2007},
  month = aug,
  publisher = {Elsevier {BV}},
  volume = {51},
  number = {8},
  pages = {1079--1091},
  author = {Frank Schwierz and Juin J. Liou},
  title = {{RF} transistors: Recent developments and roadmap toward terahertz applications},
  journal = {Solid-State Electronics}
}

@article{Keyes2005,
  doi = {10.1088/0034-4885/68/12/r01},
  url = {https://doi.org/10.1088/0034-4885/68/12/r01},
  year = {2005},
  month = sep,
  publisher = {{IOP} Publishing},
  volume = {68},
  number = {12},
  pages = {2701--2746},
  author = {Robert W Keyes},
  title = {Physical limits of silicon transistors and circuits},
  journal = {Reports on Progress in Physics}
}

@article{Aoki2008,
  doi = {10.1119/1.2919743},
  url = {https://doi.org/10.1119/1.2919743},
  year = {2008},
  month = sep,
  publisher = {American Association of Physics Teachers ({AAPT})},
  volume = {76},
  number = {9},
  pages = {812--815},
  author = {Kenichiro Aoki and Takahisa Mitsui},
  title = {A tabletop experiment for the direct measurement of the speed of light},
  journal = {American Journal of Physics}
}

@article{Oka2001,
  doi = {10.1109/16.960388},
  url = {https://doi.org/10.1109/16.960388},
  year = {2001},
  publisher = {Institute of Electrical and Electronics Engineers ({IEEE})},
  volume = {48},
  number = {11},
  pages = {2625--2630},
  author = {T. Oka and K. Hirata and H. Suzuki and K. Ouchi and H. Uchiyama and T. Taniguchi and K. Mochizuki and T. Nakamura},
  title = {High-speed small-scale {InGaP}/{GaAs} {HBT} technology and its application to integrated circuits},
  journal = {{IEEE} Transactions on Electron Devices}
}

@article{Low1999,
  doi = {10.1016/s0038-1101(99)00086-6},
  url = {https://doi.org/10.1016/s0038-1101(99)00086-6},
  year = {1999},
  month = aug,
  publisher = {Elsevier {BV}},
  volume = {43},
  number = {8},
  pages = {1437--1444},
  author = {Tom Low and Tim Shirley and Craig Hutchinson and Gilbert Essilfie and Wes Whiteley and Bob Yeats and Don D{\textquotesingle}Avanzo},
  title = {{InGaP} {HBT} technology for {RF} and microwave instrumentation},
  journal = {Solid-State Electronics}
}

@misc{ERA-50SM+,
  author = "{Mini-Circuits}",
  howpublished = {\emph{ERA-50SM+ Surface Mount Monolithic Amplifier}, 191031, 2020.},
  note = "rev. P"
}

@misc{3904,
  author = "{KEC Semiconductor}",
  howpublished = {\emph{2N3904 Epitaxial Planar NPN Transistor}, 2002.},
  note = "rev. 1"
}

@book{horowitz_art_2015,
	address = {New York, NY},
	edition = 3,
	title = {The art of electronics},
	isbn = {9780521809269},
	publisher = {Cambridge University Press},
	author = {Horowitz, Paul},
	year = {2015}
}

@book{sze_physics_2007,
	address = {Hoboken, N.J},
	edition = {3rd ed},
	title = {Physics of semiconductor devices},
	isbn = {9780471143239},
	publisher = {Wiley-Interscience},
	author = {Sze, S. M. and Ng, Kwok Kwok},
	year = {2007}
}

@article{Sharma1989,
  doi = {10.1080/03772063.1989.11436780},
  url = {https://doi.org/10.1080/03772063.1989.11436780},
  year = {1989},
  month = jan,
  publisher = {Informa {UK} Limited},
  volume = {35},
  number = {1},
  pages = {1--7},
  author = {B K Sharma and P Purkait},
  title = {The Hybrid-pi Model: Some Discrepencies and the Suggested Universal Model},
  journal = {{IETE} Journal of Research}
}

@article{Malik1990,
  doi = {10.1109/13.61094},
  url = {https://doi.org/10.1109/13.61094},
  year = {1990},
  publisher = {Institute of Electrical and Electronics Engineers ({IEEE})},
  volume = {33},
  number = {4},
  pages = {366--368},
  author = {N.R. Malik},
  title = {Determining {SPICE} parameter values for {BJTs}},
  journal = {{IEEE} Transactions on Education}
}

@book{ramanan_functional_1985,
  address = {New Delhi},
  title = {Functional {Electronics}},
  isbn = {9780074518533},
  publisher = {Tata McGraw-Hill},
  author = {Ramanan, K. V.},
  year = {1985}
}