@article{Frebel_2014,
   title={SEGUE 1: AN UNEVOLVED FOSSIL GALAXY FROM THE EARLY UNIVERSE},
   volume={786},
   ISSN={1538-4357},
   url={http://dx.doi.org/10.1088/0004-637X/786/1/74},
   DOI={10.1088/0004-637x/786/1/74},
   number={1},
   journal={The Astrophysical Journal},
   publisher={American Astronomical Society},
   author={Frebel, Anna and Simon, Joshua D. and Kirby, Evan N.},
   year={2014},
   month={Apr},
   pages={74}
}
