@article{Frebel2014,
   doi = {10.1088/0004-637x/786/1/74},
   url = {https://doi.org/10.1088/0004-637x/786/1/74},
   year = {2014},
   month = apr,
   publisher = {American Astronomical Society},
   volume = {786},
   number = {1},
   pages = {74},
   author = {Anna Frebel and Joshua D. Simon and Evan N. Kirby},
   title = {{SEGUE} 1: {AN} {UNEVOLVED} {FOSSIL} {GALAXY} {FROM} {THE} {EARLY} {UNIVERSE}},
   journal = {The Astrophysical Journal}
}
